%% ----------------------------------------------------------------
%% ECS.bib
%% ---------------------------------------------------------------- 
@book{colourspace,
	author	= "Max K. Agoston",
	title		= "Computer Graphics and Geometric Modelling",
	year		= "2005",
	month		= "Jan",
	publisher	= "Springer Science \& Business Media",
}

@book{MOTBOC.git,
	author	= {Ahmad Adnan Kaifi},
	title		= {Multi Object Tracking Based on Color},
	year		= {2015},
	publisher	= {[online] \url{http://akaifi.github.io/MultiObjectTrackingBasedOnColor/}},
}

@book{opencv:hough_circle,
	author	= {OpenCV},
	title		= {Hough Circle Transform},
	year		= {2014},
	publisher	= {[online] \url{http://docs.opencv.org/2.4/doc/tutorials/imgproc/imgtrans/hough_circle/hough_circle.html}},
}

@article{cascade,
	year={2000},
	issn={0885-6125},
	journal={Machine Learning},
	volume={41},
	number={3},
	doi={10.1023/A:1007652114878},
	title={Cascade Generalization},
	url={http://dx.doi.org/10.1023/A%3A1007652114878},
	publisher={Kluwer Academic Publishers},
	keywords={multiple models; constructive induction; combining classifiers; merging classifiers},
	author={Gama, João and Brazdil, Pavel},
	pages={315--343},
	language={English},
}

@book{opencv,
	author	= {OpenCV},
	title		= {Official website},
	publisher	= {[online] \url{http://opencv.org/}},
}

@book{opencv:cc,
	author	= {OpenCV},
	title		= {Cascade Classifier},
	year		= {2014},
	publisher	= {[online] \url{http://docs.opencv.org/2.4/doc/tutorials/objdetect/cascade_classifier/cascade_classifier.html}},
}

@inproceedings{bgslibrary,
	author    = {Sobral, Andrews},
	title     = {{BGSLibrary}: An OpenCV C++ Background Subtraction Library},
	booktitle = {IX Workshop de Visão Computacional (WVC'2013)},
	address   = {Rio de Janeiro, Brazil},
	year      = {2013},
	month     = {Jun},
	url       = {https://github.com/andrewssobral/bgslibrary},
	publisher	= {[online] \url{https://github.com/andrewssobral/bgslibrary}},
}

@article{bgs:article,
	title={A comprehensive review of background subtraction algorithms evaluated with synthetic and real videos},
	author={Sobral, Andrews and Vacavant, Antoine},
	journal={Computer Vision and Image Understanding},
	volume={122},
	pages={4--21},
	year={2014},
	publisher={Elsevier}
}

@book{cvblob,
	title = {{cvBlob}},
	url = {http://cvblob.googlecode.com},
	author = {Crist\'obal Carnero Li\~n\'an},
	publisher	= {[online] \url{http://cvblob.googlecode.com}},
}

@book{opencv:blob,
	author	= {OpenCV},
	title		= {Simple Blob Detector},
	year		= {2015},
	publisher	= {[online] \url{http://docs.opencv.org/master/d0/d7a/classcv_1_1SimpleBlobDetector.html}},
}

@book{fukunaga2013introduction,
	title={Introduction to statistical pattern recognition},
	author={Fukunaga, Keinosuke},
	year={2013},
	publisher={Academic press}
}

@article{bradski1998computer,
	title={Computer vision face tracking for use in a perceptual user interface},
	author={Bradski, Gary R},
	year={1998},
	publisher={Citeseer}
}

@book{opencv:camshift,
	author	= {OpenCV},
	title		= {Meanshift and Camshift},
	year		= {2015},
	publisher	= {[online] \url{http://docs.opencv.org/3.1.0/db/df8/tutorial_py_meanshift.html}},
}

@inproceedings{chu2007object,
	title={Object tracking algorithm based on camshift algorithm combinating with difference in frame},
	author={Chu, Hongxia and Ye, Shujiang and Guo, Qingchang and Liu, Xia},
	booktitle={Automation and Logistics, 2007 IEEE International Conference on},
	pages={51--55},
	year={2007},
	organization={IEEE}
}

@inproceedings{xu2012moving,
	title={Moving target tracking based on adaptive background subtraction and improved camshift algorithm},
	author={Xu, Gang and Zhao, Dong and Zhou, Qi and Huang, Ding},
	booktitle={Audio, Language and Image Processing (ICALIP), 2012 International Conference on},
	pages={919--924},
	year={2012},
	organization={IEEE}
}

@inproceedings{nouar2006improved,
	title={Improved object tracking with CamShift algorithm},
	author={Nouar, OULD-DRIS and Ali, Ganoun and Rapha{\"e}l, Canals},
	booktitle={Acoustics, Speech and Signal Processing, 2006. ICASSP 2006 Proceedings. 2006 IEEE International Conference on},
	volume={2},
	pages={II--II},
	year={2006},
	organization={IEEE}
}

@book{NVIDIA:tk1,
	author	= {NVIDIA},
	title		= {Tetson TK1},
	year		= {2015},
	publisher	= {[online] \url{http://elinux.org/Jetson_TK1}},
}

@book{NVIDIA:opencv,
	author	= {NVIDIA},
	title		= {OpenCV for Tegra},
	year		= {2015},
	publisher	= {[online] \url{http://docs.nvidia.com/gameworks/index.html#technologies/mobile/opencv_main.htm}},
}

@book{NVIDIA:perf,
	author	= {NVIDIA},
	title		= {Jetson/Computer Vision Performance},
	year		= {2015},
	publisher	= {[online] \url{http://elinux.org/Jetson/Computer_Vision_Performance}},
}

@book{ovt,
	author	= {OmniVision},
	title		= {Official website},
	publisher	= {[online] \url{http://www.ovt.com/}},
}

@incollection{nummiaro2003color,
	title={Color-based object tracking in multi-camera environments},
	author={Nummiaro, Katja and Koller-Meier, Esther and Svoboda, Tom{\v{s}} and Roth, Daniel and Van Gool, Luc},
	booktitle={Pattern Recognition},
	pages={591--599},
	year={2003},
	publisher={Springer}
}

@inproceedings{casares2011energy,
	title={Energy-efficient foreground object detection on embedded smart cameras by hardware-level operations},
	author={Casares, Mauricio and Santinelli, Paolo and Velipasalar, Senem and Prati, Andrea and Cucchiara, Rita},
	booktitle={Computer Vision and Pattern Recognition Workshops (CVPRW), 2011 IEEE Computer Society Conference on},
	pages={150--156},
	year={2011},
	organization={IEEE}
}

@book{git,
	author	= {git},
	title		= {Official repository},
	publisher	= {[online] \url{https://github.com/git/git}},
}

@article{borovicka2003circle,
	title={Circle Detection Using Hough Transform},
	author={Borovicka, Jaroslav},
	journal={University of Bristol, Bristol},
	year={2003}
}

@inproceedings{viola2001rapid,
	title={Rapid object detection using a boosted cascade of simple features},
	author={Viola, Paul and Jones, Michael},
	booktitle={Computer Vision and Pattern Recognition, 2001. CVPR 2001. Proceedings of the 2001 IEEE Computer Society Conference on},
	volume={1},
	pages={I--511},
	year={2001},
	organization={IEEE}
}

@inproceedings{goyette2012changedetection,
	title={Changedetection. net: A new change detection benchmark dataset},
	author={Goyette, Nil and Jodoin, Pierre-Marc and Porikli, Fatih and Konrad, Janusz and Ishwar, Prakash},
	booktitle={Computer Vision and Pattern Recognition Workshops (CVPRW), 2012 IEEE Computer Society Conference on},
	pages={1--8},
	year={2012},
	organization={IEEE}
}

@article{nummiaro2003adaptive,
	title={An adaptive color-based particle filter},
	author={Nummiaro, Katja and Koller-Meier, Esther and Van Gool, Luc},
	journal={Image and vision computing},
	volume={21},
	number={1},
	pages={99--110},
	year={2003},
	publisher={Elsevier}
}

@article{barnich2011vibe,
	title={ViBe: A universal background subtraction algorithm for video sequences},
	author={Barnich, Olivier and Van Droogenbroeck, Marc},
	journal={Image Processing, IEEE Transactions on},
	volume={20},
	number={6},
	pages={1709--1724},
	year={2011},
	publisher={IEEE}
}
